@article{STPMatroidImprovement,
  title={A note on finding minimum-cost edge-disjoint spanning trees},
  author={Roskind, James and Tarjan, Robert E},
  journal={Mathematics of Operations Research},
  volume={10},
  number={4},
  pages={701--708},
  year={1985},
  publisher={INFORMS}
}

@article{erdHos1989radius,
  title={Radius, diameter, and minimum degree},
  author={Erd{\H{o}}s, Paul and Pach, Janos and Pollack, Richard and Tuza, Zsolt},
  journal={Journal of Combinatorial Theory, Series B},
  volume={47},
  number={1},
  pages={73--79},
  year={1989},
  publisher={Academic Press}
}

@article{hamilton3regularBip,
  title={NP-completeness of the Hamiltonian cycle problem for bipartite graphs},
  author={Akiyama, Takanori and Nishizeki, Takao and Saito, Nobuji},
  journal={Journal of Information processing},
  volume={3},
  number={2},
  pages={73--76},
  year={1980}
}

@article{SPTpackingSurvey,
  title={On the spanning tree packing number of a graph: a survey},
  author={Palmer, Edgar M},
  journal={Discrete Mathematics},
  volume={230},
  number={1-3},
  pages={13--21},
  year={2001},
  publisher={Elsevier}
}